<record><leader>00000cas a22000007a 4500</leader><controlfield tag="001">13070256</controlfield><controlfield tag="008">860127d19031905iauwr ne      0    0eng d</controlfield><datafield ind1=" " ind2=" " tag="010"><subfield code="a">sn 86060008 </subfield></datafield><datafield ind1=" " ind2=" " tag="040"><subfield code="a">INP</subfield><subfield code="b">eng</subfield><subfield code="c">INP</subfield><subfield code="d">OCLCQ</subfield></datafield><datafield ind1=" " ind2=" " tag="042"><subfield code="a">msc</subfield></datafield><datafield ind1="0" ind2="0" tag="245"><subfield code="a">Griswold gleaner.</subfield></datafield><datafield ind1=" " ind2=" " tag="260"><subfield code="a">Griswold, Iowa :</subfield><subfield code="b">F.W. Hanton,</subfield><subfield code="c">-1905.</subfield></datafield><datafield ind1=" " ind2=" " tag="300"><subfield code="a">v. :</subfield><subfield code="b">ill.</subfield></datafield><datafield ind1=" " ind2=" " tag="310"><subfield code="a">Weekly</subfield></datafield><datafield ind1="0" ind2=" " tag="362"><subfield code="a">-v. 3, no. 27 (Sept. 29, 1905).</subfield></datafield><datafield ind1="1" ind2=" " tag="362"><subfield code="a">Began in 1903.</subfield><subfield code="z">Cf. Bibl. of Iowa newspapers.</subfield></datafield><datafield ind1=" " ind2=" " tag="500"><subfield code="a">Editor: D.H. Scott, &lt;Jan. 6, 1905&gt;-Sept. 29, 1905.</subfield></datafield><datafield ind1=" " ind2=" " tag="515"><subfield code="a">Vol. 2, no. 49 repeated in numbering; v. 2, no. 52 omitted.</subfield></datafield><datafield ind1=" " ind2=" " tag="588"><subfield code="a">Description based on: Vol. 2, no. 41 (Jan. 6, 1905).</subfield></datafield><datafield ind1=" " ind2=" " tag="752"><subfield code="a">United States</subfield><subfield code="b">Iowa</subfield><subfield code="c">Cass</subfield><subfield code="d">Griswold.</subfield></datafield><datafield ind1="0" ind2="4" tag="785"><subfield code="t">Griswold American</subfield><subfield code="w">(DLC)sn 86060007</subfield></datafield><datafield ind1="1" ind2=" " tag="029"><subfield code="a">AU@</subfield><subfield code="b">000023450787</subfield></datafield></record>